@article{dietztrec,
  title={TREC Complex Answer Retrieval Overview},
  author={Dietz, Laura and Verma, Manisha and Radlinski, Filip and Craswell, Nick}
}

@misc{shen2015ranking,
  title={Ranking search results based on entity metrics},
  author={Shen, Hongda and Huynh, David Francois and Chung, Grace and Zhou, Chen and Huang, Yanlai and Li, Guanghua},
  year={2015},
  month=nov # "~19",
  publisher={Google Patents},
  note={US Patent App. 14/651,332}
}

@inproceedings{guo2009named,
  title={Named entity recognition in query},
  author={Guo, Jiafeng and Xu, Gu and Cheng, Xueqi and Li, Hang},
  booktitle={Proceedings of the 32nd international ACM SIGIR conference on Research and development in information retrieval},
  pages={267--274},
  year={2009},
  organization={ACM}
}

@book{balog2018entity,
  title={Entity-oriented search},
  author={Balog, Krisztian},
  year={2018},
  publisher={Springer}
}

@article{liu2009learning,
  title={Learning to rank for information retrieval},
  author={Liu, Tie-Yan and others},
  journal={Foundations and Trends{\textregistered} in Information Retrieval},
  volume={3},
  number={3},
  pages={225--331},
  year={2009},
  publisher={Now Publishers, Inc.}
}

@article{luhn1957statistical,
  title={A statistical approach to mechanized encoding and searching of literary information},
  author={Luhn, Hans Peter},
  journal={IBM Journal of research and development},
  volume={1},
  number={4},
  pages={309--317},
  year={1957},
  publisher={IBM}
}

@article{zobel2006inverted,
  title={Inverted files for text search engines},
  author={Zobel, Justin and Moffat, Alistair},
  journal={ACM computing surveys (CSUR)},
  volume={38},
  number={2},
  pages={6},
  year={2006},
  publisher={ACM}
}

@article{salton1971smart,
  title={The SMART retrieval systemâ€”experiments in automatic document processing},
  author={Salton, Gerard},
  year={1971},
  publisher={Prentice-Hall, Inc.}
}
@article{rocchio1971relevance,
  title={Relevance feedback in information retrieval},
  author={Rocchio, Joseph John},
  journal={The SMART retrieval system: experiments in automatic document processing},
  pages={313--323},
  year={1971},
  publisher={Prentice-Hall Inc.}
}

@article{shen2015entity,
  title={Entity linking with a knowledge base: Issues, techniques, and solutions},
  author={Shen, Wei and Wang, Jianyong and Han, Jiawei},
  journal={IEEE Transactions on Knowledge and Data Engineering},
  volume={27},
  number={2},
  pages={443--460},
  year={2015},
  publisher={IEEE}
}

@article{balog2017entity,
  title={Entity Retrieval},
  author={Balog, Krisztian},
  year={2017}
}

@article{voorhees2001trec,
  title={The TREC question answering track},
  author={Voorhees, Ellen M},
  journal={Natural Language Engineering},
  volume={7},
  number={4},
  pages={361--378},
  year={2001},
  publisher={Cambridge University Press}
}

@inproceedings{soboroff2006overview,
  title={Overview of the TREC 2006 Enterprise Track.},
  author={Soboroff, Ian and de Vries, Arjen P and Craswell, Nick},
  booktitle={Trec},
  volume={6},
  pages={1--20},
  year={2006}
}

@article{balog2012expertise,
  title={Expertise retrieval},
  author={Balog, Krisztian and Fang, Yi and de Rijke, Maarten and Serdyukov, Pavel and Si, Luo and others},
  journal={Foundations and Trends{\textregistered} in Information Retrieval},
  volume={6},
  number={2--3},
  pages={127--256},
  year={2012},
  publisher={Now Publishers, Inc.}
}

@inproceedings{de2007overview,
  title={Overview of the INEX 2007 entity ranking track},
  author={De Vries, Arjen P and Vercoustre, Anne-Marie and Thom, James A and Craswell, Nick and Lalmas, Mounia},
  booktitle={International Workshop of the Initiative for the Evaluation of XML Retrieval},
  pages={245--251},
  year={2007},
  organization={Springer}
}

@techreport{balog2010overview,
  title={Overview of the trec 2010 entity track},
  author={Balog, Krisztian and Serdyukov, Pavel and De Vries, Arjen P},
  year={2010},
  institution={NORWEGIAN UNIV OF SCIENCE AND TECHNOLOGY TRONDHEIM}
}

@article{blanco2013repeatable,
  title={Repeatable and reliable semantic search evaluation},
  author={Blanco, Roi and Halpin, Harry and Herzig, Daniel M and Mika, Peter and Pound, Jeffrey and Thompson, Henry S and Tran, Thanh},
  journal={Web Semantics: Science, Services and Agents on the World Wide Web},
  volume={21},
  pages={14--29},
  year={2013},
  publisher={Elsevier}
}

@inproceedings{wang2012overview,
  title={Overview of the INEX 2012 Linked Data Track.},
  author={Wang, Qiuyue and Kamps, Jaap and Camps, Georgina Ramirez and Marx, Maarten and Schuth, Anne and Theobald, Martin and Gurajada, Sairam and Mishra, Arunav},
  booktitle={CLEF (Online Working Notes/Labs/Workshop)},
  year={2012}
}

@inproceedings{cardie2000examining,
  title={Examining the role of statistical and linguistic knowledge sources in a general-knowledge question-answering system},
  author={Cardie, Claire and Ng, Vincent and Pierce, David and Buckley, Chris},
  booktitle={Proceedings of the sixth conference on Applied natural language processing},
  pages={180--187},
  year={2000},
  organization={Association for Computational Linguistics}
}

@inproceedings{stokes2001first,
  title={First story detection using a composite document representation},
  author={Stokes, Nicola and Carthy, Joe},
  booktitle={Proceedings of the first international conference on Human language technology research},
  pages={1--8},
  year={2001},
  organization={Association for Computational Linguistics}
}

@inproceedings{li2006improving,
  title={Improving novelty detection for general topics using sentence level information patterns},
  author={Li, Xiaoyan and Croft, W Bruce},
  booktitle={Proceedings of the 15th ACM international conference on Information and knowledge management},
  pages={238--247},
  year={2006},
  organization={ACM}
}
@inproceedings{chakrabarti2006optimizing,
  title={Optimizing scoring functions and indexes for proximity search in type-annotated corpora},
  author={Chakrabarti, Soumen and Puniyani, Kriti and Das, Sujatha},
  booktitle={Proceedings of the 15th international conference on World Wide Web},
  pages={717--726},
  year={2006},
  organization={ACM}
}

@inproceedings{blanco2010finding,
  title={Finding support sentences for entities},
  author={Blanco, Roi and Zaragoza, Hugo},
  booktitle={Proceedings of the 33rd international ACM SIGIR conference on Research and development in information retrieval},
  pages={339--346},
  year={2010},
  organization={ACM}
}
@inproceedings{kadry2017open,
  title={Open Relation Extraction for Support Passage Retrieval: Merit and Open Issues},
  author={Kadry, Amina and Dietz, Laura},
  booktitle={Proceedings of the 40th International ACM SIGIR Conference on Research and Development in Information Retrieval},
  pages={1149--1152},
  year={2017},
  organization={ACM}
}
@techreport{page1999pagerank,
  title={The PageRank citation ranking: Bringing order to the web.},
  author={Page, Lawrence and Brin, Sergey and Motwani, Rajeev and Winograd, Terry},
  year={1999},
  institution={Stanford InfoLab}
}
@article{ponza2018swat,
  title={SWAT: A System for Detecting Salient Wikipedia Entities in Texts},
  author={Ponza, Marco and Ferragina, Paolo and Piccinno, Francesco},
  journal={arXiv preprint arXiv:1804.03580},
  year={2018}
}
@article{dietztrec,
  title={TREC Complex Answer Retrieval Overview},
  author={Dietz, Laura and Verma, Manisha and Radlinski, Filip and Craswell, Nick}
}
@inproceedings{dalton2014entity,
  title={Entity query feature expansion using knowledge base links},
  author={Dalton, Jeffrey and Dietz, Laura and Allan, James},
  booktitle={Proceedings of the 37th international ACM SIGIR conference on Research \& development in information retrieval},
  pages={365--374},
  year={2014},
  organization={ACM}
}
@inproceedings{ferragina2010tagme,
  title={Tagme: on-the-fly annotation of short text fragments (by wikipedia entities)},
  author={Ferragina, Paolo and Scaiella, Ugo},
  booktitle={Proceedings of the 19th ACM international conference on Information and knowledge management},
  pages={1625--1628},
  year={2010},
  organization={ACM}
}
@misc{berntson2012providing,
  title={Providing entity-specific content in response to a search query},
  author={Berntson, Alec John and Agrawal, Nitin and Zhou, Song and Saraf, Yatharth and Joshi, Tarun and Mcdonald, Kieran Richard and Tsegay, Yohannes and Malhotra, Nipoon and Awan, Muhammad Aatif and Ahari, Sanaz and others},
  year={2012},
  month=mar # "~8",
  publisher={Google Patents},
  note={US Patent App. 12/876,638}
}
@inproceedings{voskarides2015learning,
  title={Learning to explain entity relationships in knowledge graphs},
  author={Voskarides, Nikos and Meij, Edgar and Tsagkias, Manos and De Rijke, Maarten and Weerkamp, Wouter},
  booktitle={Proceedings of the 53rd Annual Meeting of the Association for Computational Linguistics and the 7th International Joint Conference on Natural Language Processing (Volume 1: Long Papers)},
  volume={1},
  pages={564--574},
  year={2015}
}
@inproceedings{aggarwal2016connecting,
  title={Connecting the dots: Explaining relationships between unconnected entities in a knowledge graph},
  author={Aggarwal, Nitish and Bhatia, Sumit and Misra, Vinith},
  booktitle={European Semantic Web Conference},
  pages={35--39},
  year={2016},
  organization={Springer}
}
@inproceedings{kedzie2015predicting,
  title={Predicting salient updates for disaster summarization},
  author={Kedzie, Chris and McKeown, Kathleen and Diaz, Fernando},
  booktitle={Proceedings of the 53rd Annual Meeting of the Association for Computational Linguistics and the 7th International Joint Conference on Natural Language Processing (Volume 1: Long Papers)},
  volume={1},
  pages={1608--1617},
  year={2015}
}

